@article{melton2024celestial,
  title={A Celestial Dual for MHV Amplitudes},
  author={Melton, Walker and Sharma, Atul and Strominger, Andrew and Wang, Tianli},
  journal={arXiv preprint arXiv:2403.18896},
  year={2024}
}

@article{costello2022celestial,
  title={Celestial holography meets twisted holography: 4d amplitudes from chiral correlators},
  author={Costello, Kevin and Paquette, Natalie M},
  journal={Journal of High Energy Physics},
  volume={2022},
  number={10},
  pages={1--69},
  year={2022},
  publisher={Springer}
}

@article{bu20224d,
  title={The 4d/2d correspondence in twistor space and holomorphic Wilson lines},
  author={Bu, Wei and Casali, Eduardo},
  journal={Journal of High Energy Physics},
  volume={2022},
  number={11},
  pages={1--23},
  year={2022},
  publisher={Springer}
}

@article{pate2019conformally,
  title={Conformally soft theorem in gauge theory},
  author={Pate, Monica and Raclariu, Ana-Maria and Strominger, Andrew},
  journal={Physical Review D},
  volume={100},
  number={8},
  pages={085017},
  year={2019},
  publisher={APS}
}

@article{ginsparg1988applied,
  title={Applied conformal field theory},
  author={Ginsparg, Paul},
  journal={arXiv preprint hep-th/9108028},
  year={1988}
}

@article{raclariu2021lectures,
  title={Lectures on celestial holography},
  author={Raclariu, Ana-Maria},
  journal={arXiv preprint arXiv:2107.02075},
  year={2021}
}

@article{pasterski2021lectures,
  title={Lectures on celestial amplitudes},
  author={Pasterski, Sabrina},
  journal={The European Physical Journal C},
  volume={81},
  number={12},
  pages={1062},
  year={2021},
  publisher={Springer}
}

@article{pasterski2023chapter,
  title={A Chapter on Celestial Holography},
  author={Pasterski, Sabrina},
  journal={arXiv preprint arXiv:2310.04932},
  year={2023}
}

@book{strominger2018lectures,
  title={Lectures on the infrared structure of gravity and gauge theory},
  author={Strominger, Andrew},
  year={2018},
  publisher={Princeton University Press}
}

@article{melton2023celestial,
  title={Celestial leaf amplitudes},
  author={Melton, Walker and Sharma, Atul and Strominger, Andrew},
  journal={arXiv preprint arXiv:2312.07820},
  year={2023}
}

@article{pate2021celestial,
  title={Celestial operator products of gluons and gravitons},
  author={Pate, Monica and Raclariu, A-M and Strominger, Andrew and Yuan, Ellis Ye},
  journal={Reviews in Mathematical Physics},
  volume={33},
  number={09},
  pages={2140003},
  year={2021},
  publisher={World Scientific}
}

@article{adamo2022celestial,
  title={Celestial operator products from the worldsheet},
  author={Adamo, Tim and Bu, Wei and Casali, Eduardo and Sharma, Atul},
  journal={Journal of High Energy Physics},
  volume={2022},
  number={6},
  pages={1--35},
  year={2022},
  publisher={Springer}
}

@article{himwich2022celestial,
  title={Celestial operator product expansions and w1+? symmetry for all spins},
  author={Himwich, Elizabeth and Pate, Monica and Singh, Kyle},
  journal={Journal of High Energy Physics},
  volume={2022},
  number={1},
  pages={1--29},
  year={2022},
  publisher={Springer}
}

@article{banerjee2024all,
  title={All OPEs invariant under the infinite symmetry algebra for gluons on the celestial sphere},
  author={Banerjee, Shamik and Mandal, Raju and Misra, Sagnik and Panda, Sudhakar and Paul, Partha},
  journal={Physical Review D},
  volume={110},
  number={2},
  pages={026020},
  year={2024},
  publisher={APS}
}

@article{banerjee2021mhv,
  title={MHV gluon scattering amplitudes from celestial current algebras},
  author={Banerjee, Shamik and Ghosh, Sudip},
  journal={Journal of High Energy Physics},
  volume={2021},
  number={10},
  pages={1--46},
  year={2021},
  publisher={Springer}
}

@article{strominger2021w,
  title={w 1+? algebra and the celestial sphere: Infinite towers of soft graviton, photon, and gluon symmetries},
  author={Strominger, Andrew},
  journal={Physical Review Letters},
  volume={127},
  number={22},
  pages={221601},
  year={2021},
  publisher={APS}
}

@article{bjerrum2011momentum,
  title={The momentum kernel of gauge and gravity theories},
  author={Bjerrum-Bohr, N Emil J and Damgaard, Poul H and S{\o}ndergaard, Thomas and Vanhove, Pierre},
  journal={Journal of High Energy Physics},
  volume={2011},
  number={1},
  pages={1--18},
  year={2011},
  publisher={Springer}
}

@article{bern2010gravity,
  title={Gravity as the square of gauge theory},
  author={Bern, Zvi and Dennen, Tristan and Huang, Yu-tin and Kiermaier, Michael},
  journal={Physical Review D?Particles, Fields, Gravitation, and Cosmology},
  volume={82},
  number={6},
  pages={065003},
  year={2010},
  publisher={APS}
}

@article{bjerrum2016manifesting,
  title={Manifesting color-kinematics duality in the scattering equation formalism},
  author={Bjerrum-Bohr, NEJ and Bourjaily, Jacob L and Damgaard, Poul H and Feng, Bo},
  journal={Journal of High Energy Physics},
  volume={2016},
  number={9},
  pages={1--17},
  year={2016},
  publisher={Springer}
}

@article{bern2019duality,
  title={The duality between color and kinematics and its applications},
  author={Bern, Zvi and Carrasco, John Joseph M and Chiodaroli, Marco and Johansson, Henrik and Roiban, Radu},
  journal={Journal of Physics A: Mathematical and Theoretical},
  year={2019}
}

@article{borsten2020gravity,
  title={Gravity as the square of gauge theory: a review},
  author={Borsten, L},
  journal={La Rivista del Nuovo Cimento},
  volume={43},
  number={3},
  pages={97--186},
  year={2020},
  publisher={Springer}
}

@article{elvang2013scattering,
  title={Scattering amplitudes},
  author={Elvang, Henriette and Huang, Yu-tin},
  journal={arXiv preprint arXiv:1308.1697},
  year={2013}
}

@incollection{cheung2018tasi,
  title={TASI lectures on scattering amplitudes},
  author={Cheung, Clifford},
  booktitle={Anticipating the Next Discoveries in Particle Physics: TASI 2016 Proceedings of 2016 Theoretical Advanced Study Institute in Elementary Particle Physics},
  pages={571--623},
  year={2018},
  publisher={World Scientific}
}

@book{badger2024scattering,
  title={Scattering Amplitudes in Quantum Field Theory},
  author={Badger, Simon and Henn, Johannes and Plefka, Jan Christoph and Zoia, Simone},
  year={2024},
  publisher={Springer Nature}
}

@article{kawai1986relation,
  title={A relation between tree amplitudes of closed and open strings},
  author={Kawai, Hideyuki and Lewellen, David C and Tye, S-HH},
  journal={Nuclear Physics B},
  volume={269},
  number={1},
  pages={1--23},
  year={1986},
  publisher={Elsevier}
}

@article{bjerrum2010proof,
  title={Proof of gravity and Yang-Mills amplitude relations},
  author={Bjerrum-Bohr, NEJ and Damgaard, Poul H and Feng, Bo and S{\o}ndergaard, Thomas},
  journal={Journal of High Energy Physics},
  volume={2010},
  number={9},
  pages={1--18},
  year={2010},
  publisher={Springer}
}

@article{barrett1994kleinian,
  title={Kleinian geometry and the N= 2 superstring},
  author={Barrett, J and Gibbons, GW and Perry, MJ and Pope, CN and Ruback, P},
  journal={International Journal of Modern Physics A},
  volume={9},
  number={09},
  pages={1457--1493},
  year={1994},
  publisher={World Scientific}
}

@article{nair1988current,
  title={A current algebra for some gauge theory amplitudes},
  author={Nair, V Parameswaran},
  journal={Physics Letters B},
  volume={214},
  number={2},
  pages={215--218},
  year={1988},
  publisher={Elsevier}
}

@article{hodges2013new,
  title={New expressions for gravitational scattering amplitudes},
  author={Hodges, Andrew},
  journal={Journal of High Energy Physics},
  volume={2013},
  number={7},
  pages={1--33},
  year={2013},
  publisher={Springer}
}

@article{hodges2012simple,
  title={A simple formula for gravitational MHV amplitudes},
  author={Hodges, Andrew},
  journal={arXiv preprint arXiv:1204.1930},
  year={2012},
  publisher={Citeseer}
}

@article{guevara2021holographic,
  title={Holographic symmetry algebras for gauge theory and gravity},
  author={Guevara, Alfredo and Himwich, Elizabeth and Pate, Monica and Strominger, Andrew},
  journal={Journal of High Energy Physics},
  volume={2021},
  number={11},
  pages={1--18},
  year={2021},
  publisher={Springer}
}

@article{casali2022celestial,
  title={Celestial amplitudes as AdS-Witten diagrams},
  author={Casali, Eduardo and Melton, Walker and Strominger, Andrew},
  journal={Journal of High Energy Physics},
  volume={2022},
  number={11},
  pages={1--14},
  year={2022},
  publisher={Springer}
}

@article{elvang2017soft,
  title={Soft photon and graviton theorems in effective field theory},
  author={Elvang, Henriette and Jones, Callum RT and Naculich, Stephen G},
  journal={Physical review letters},
  volume={118},
  number={23},
  pages={231601},
  year={2017},
  publisher={APS}
}

@article{nguyen2010tree,
  title={The tree formula for MHV graviton amplitudes},
  author={Nguyen, Dung and Spradlin, Marcus and Volovich, Anastasia and Wen, Congkao},
  journal={Journal of High Energy Physics},
  volume={2010},
  number={7},
  pages={1--16},
  year={2010},
  publisher={Springer}
}

@article{milas1996tensor,
  title={Tensor product of vertex operator algebras},
  author={Milas, Antun},
  journal={arXiv preprint q-alg/9602026},
  year={1996}
}

@incollection{penedones2017tasi,
  title={TASI lectures on AdS/CFT},
  author={Penedones, Joao},
  booktitle={New Frontiers in Fields and Strings: TASI 2015 Proceedings of the 2015 Theoretical Advanced Study Institute in Elementary Particle Physics},
  pages={75--136},
  year={2017},
  publisher={World Scientific}
}

@article{cheung20174d,
  title={4D scattering amplitudes and asymptotic symmetries from 2D CFT},
  author={Cheung, Clifford and de la Fuente, Anton and Sundrum, Raman},
  journal={Journal of High Energy Physics},
  volume={2017},
  number={1},
  pages={1--55},
  year={2017},
  publisher={Springer}
}

@article{bhattacharjee2022celestial,
  title={Celestial Klein Spaces},
  author={Bhattacharjee, Budhaditya and Krishnan, Chethan},
  journal={Physical Review D},
  volume={106},
  number={10},
  pages={106018},
  year={2022},
  publisher={APS}
}

@article{weinberg1965infrared,
  title={Infrared photons and gravitons},
  author={Weinberg, Steven},
  journal={Physical Review},
  volume={140},
  number={2B},
  pages={B516},
  year={1965},
  publisher={APS}
}

@article{stieberger2023celestial,
  title={Celestial Liouville theory for Yang-Mills amplitudes},
  author={Stieberger, Stephan and Taylor, Tomasz R and Zhu, Bin},
  journal={Physics Letters B},
  volume={836},
  pages={137588},
  year={2023},
  publisher={Elsevier}
}

@article{bittleston2023associativity,
  title={On the associativity of 1-loop corrections to the celestial operator product in gravity},
  author={Bittleston, Roland},
  journal={Journal of High Energy Physics},
  volume={2023},
  number={1},
  pages={1--59},
  year={2023},
  publisher={Springer}
}

@article{pasterski2017conformal,
  title={Conformal basis for flat space amplitudes},
  author={Pasterski, Sabrina and Shao, Shu-Heng},
  journal={Physical Review D},
  volume={96},
  number={6},
  pages={065022},
  year={2017},
  publisher={APS}
}

@article{bjerrum2006mhv,
  title={MHV-vertices for gravity amplitudes},
  author={Bjerrum-Bohr, Niels EJ and Dunbar, David C and Ita, Harald and Perkins, Warren B and Risager, Kasper},
  journal={Journal of High Energy Physics},
  volume={2006},
  number={01},
  pages={009},
  year={2006},
  publisher={IOP Publishing}
}

@article{berends1988relations,
  title={On relations between multi-gluon and multi-graviton scattering},
  author={Berends, Frits A and Giele, WT and Kuijf, H},
  journal={Physics Letters B},
  volume={211},
  number={1-2},
  pages={91--94},
  year={1988},
  publisher={Elsevier}
}

@article{elvang2008note,
  title={Note on graviton MHV amplitudes},
  author={Elvang, Henriette and Freedman, Daniel Z},
  journal={Journal of High Energy Physics},
  volume={2008},
  number={05},
  pages={096},
  year={2008},
  publisher={IOP Publishing}
}

@book{berezin2013introduction,
  title={Introduction to superanalysis},
  author={Berezin, Feliks Aleksandrovich},
  volume={9},
  year={2013},
  publisher={Springer Science \& Business Media}
}

@article{stieberger2023yang,
  title={Yang-Mills as a Liouville theory},
  author={Stieberger, Stephan and Taylor, Tomasz R and Zhu, Bin},
  journal={Physics Letters B},
  volume={846},
  pages={138229},
  year={2023},
  publisher={Elsevier}
}

@book{ketov1995conformal,
  title={Conformal Field Theory},
  author={Ketov, S.V.},
  isbn={9789810216085},
  lccn={95165481},
  series={G - Reference,Information and Interdisciplinary Subjects Series},
  url={https://books.google.com.br/books?id=qC9qDQAAQBAJ},
  year={1995},
  publisher={World Scientific Pub.}
}

@article{nair2005note,
  title={Note on maximally helicity violating amplitudes for gravitons},
  author={Nair, VP},
  journal={Physical Review D?Particles, Fields, Gravitation, and Cosmology},
  volume={71},
  number={12},
  pages={121701},
  year={2005},
  publisher={APS}
}

@article{aneesh2022celestial,
  title={Celestial holography: Lectures on asymptotic symmetries},
  author={Aneesh, Prema B and Comp{\`e}re, Geoffrey and Pipolo de Gioia, Leonardo and Mol, Igor and Swidler, Bianca},
  journal={SciPost Physics Lecture Notes},
  pages={047},
  year={2022}
}

@article{puhmcelestial,
  title={A Celestial Holography Primer},
  author={Puhm, Andrea}
}

@article{donnay2024celestial,
  title={Celestial holography: An asymptotic symmetry perspective},
  author={Donnay, Laura},
  journal={Physics Reports},
  volume={1073},
  pages={1--41},
  year={2024},
  publisher={Elsevier}
}

@article{harlow2011analytic,
  title={Analytic continuation of Liouville theory},
  author={Harlow, Daniel and Maltz, Jonathan and Witten, Edward},
  journal={Journal of High Energy Physics},
  volume={2011},
  number={12},
  pages={1--105},
  year={2011},
  publisher={Springer}
}

@article{niedermaier2006asymptotic,
  title={The asymptotic safety scenario in quantum gravity},
  author={Niedermaier, Max and Reuter, Martin},
  journal={Living Reviews in Relativity},
  volume={9},
  pages={1--173},
  year={2006},
  publisher={Springer}
}

@article{de2003holographic,
  title={A holographic reduction of Minkowski space--time},
  author={de Boer, Jan and Solodukhin, Sergey N},
  journal={Nuclear Physics B},
  volume={665},
  pages={545--593},
  year={2003},
  publisher={Elsevier}
}

@article{pasterski2017gluon,
  title={Gluon amplitudes as 2 d conformal correlators},
  author={Pasterski, Sabrina and Shao, Shu-Heng and Strominger, Andrew},
  journal={Physical Review D},
  volume={96},
  number={8},
  pages={085006},
  year={2017},
  publisher={APS}
}

@article{knizhnik1984current,
  title={Current algebra and Wess-Zumino model in two dimensions},
  author={Knizhnik, Vadim G and Zamolodchikov, Alexander B},
  journal={Nuclear Physics B},
  volume={247},
  number={1},
  pages={83--103},
  year={1984},
  publisher={Elsevier}
}

@article{banerjee2021mhvx,
  title={MHV graviton scattering amplitudes and current algebra on the celestial sphere},
  author={Banerjee, Shamik and Ghosh, Sudip and Paul, Partha},
  journal={Journal of High Energy Physics},
  volume={2021},
  number={2},
  pages={1--65},
  year={2021},
  publisher={Springer}
}

@article{banerjee2020modified,
  title={Modified celestial amplitude in Einstein gravity},
  author={Banerjee, Shamik and Ghosh, Sudip and Pandey, Pranjal and Saha, Arnab Priya},
  journal={Journal of High Energy Physics},
  volume={2020},
  number={3},
  pages={1--19},
  year={2020},
  publisher={Springer}
}

@article{banerjee2019null,
  title={Null infinity and unitary representation of the Poincar{\'e} group},
  author={Banerjee, Shamik},
  journal={Journal of High Energy Physics},
  volume={2019},
  number={1},
  pages={1--36},
  year={2019},
  publisher={Springer}
}

@article{banerjee2019symmetries,
  title={Symmetries of free massless particles and soft theorems},
  author={Banerjee, Shamik},
  journal={General Relativity and Gravitation},
  volume={51},
  pages={1--30},
  year={2019},
  publisher={Springer}
}

@article{mol2024holographic,
  title={A Holographic Construction of MHV Graviton Amplitudes in Celestial CFT},
  author={Mol, Igor},
  journal={arXiv preprint arXiv:2408.10944},
  year={2024}
}

@article{parke1986amplitude,
  title={Amplitude for n-gluon scattering},
  author={Parke, Stephen J and Taylor, Tomasz R},
  journal={Physical Review Letters},
  volume={56},
  number={23},
  pages={2459},
  year={1986},
  publisher={APS}
}

@article{pasterski2017flat,
  title={Flat space amplitudes and conformal symmetry of the celestial sphere},
  author={Pasterski, Sabrina and Shao, Shu-Heng and Strominger, Andrew},
  journal={Physical Review D},
  volume={96},
  number={6},
  pages={065026},
  year={2017},
  publisher={APS}
}

@article{bhardwaj2022loop,
  title={Loop-level gluon OPEs in celestial holography},
  author={Bhardwaj, Rishabh and Lippstreu, Luke and Ren, Lecheng and Spradlin, Marcus and Srikant, Akshay Yelleshpur and Volovich, Anastasia},
  journal={Journal of High Energy Physics},
  volume={2022},
  number={11},
  pages={1--24},
  year={2022},
  publisher={Springer}
}

@article{krishna2024celestial,
  title={Celestial gluon and graviton OPE at loop level},
  author={Krishna, Hare},
  journal={Journal of High Energy Physics},
  volume={2024},
  number={3},
  pages={1--26},
  year={2024},
  publisher={Springer}
}

@article{bhardwaj2024celestial,
  title={Celestial soft currents at one-loop and their OPEs},
  author={Bhardwaj, Rishabh and Srikant, Akshay Yelleshpur},
  journal={arXiv preprint arXiv:2403.10443},
  year={2024}
}

@article{adamo2023all,
  title={All-order celestial OPE in the MHV sector},
  author={Adamo, Tim and Bu, Wei and Casali, Eduardo and Sharma, Atul},
  journal={Journal of High Energy Physics},
  volume={2023},
  number={3},
  pages={1--23},
  year={2023},
  publisher={Springer}
}

@article{donnay2020asymptotic,
  title={Asymptotic symmetries and celestial CFT},
  author={Donnay, Laura and Pasterski, Sabrina and Puhm, Andrea},
  journal={Journal of High Energy Physics},
  volume={2020},
  number={9},
  pages={1--38},
  year={2020},
  publisher={Springer}
}

@article{bern1999multi,
  title={Multi-leg one-loop gravity amplitudes from gauge theory},
  author={Bern, Z and Dixon, L and Perelstein, M and Rozowsky, JS},
  journal={Nuclear Physics B},
  volume={546},
  number={1-2},
  pages={423--479},
  year={1999},
  publisher={Elsevier}
}

@article{white2011factorization,
  title={Factorization properties of soft graviton amplitudes},
  author={White, Chris D},
  journal={Journal of High Energy Physics},
  volume={2011},
  number={5},
  pages={1--36},
  year={2011},
  publisher={Springer}
}

@article{akhoury2011collinear,
  title={Collinear and soft divergences in perturbative quantum gravity},
  author={Akhoury, Ratindranath and Saotome, Ryo and Sterman, George},
  journal={Physical Review D?Particles, Fields, Gravitation, and Cosmology},
  volume={84},
  number={10},
  pages={104040},
  year={2011},
  publisher={APS}
}

@article{giribet2024remarks,
  title={Remarks on celestial amplitudes and Liouville theory},
  author={Giribet, Gaston},
  journal={arXiv preprint arXiv:2403.03374},
  year={2024}
}

@article{belavin1984infinite,
  title={Infinite conformal symmetry in two-dimensional quantum field theory},
  author={Belavin, Alexander A and Polyakov, Alexander M and Zamolodchikov, Alexander B},
  journal={Nuclear Physics B},
  volume={241},
  number={2},
  pages={333--380},
  year={1984},
  publisher={Elsevier}
}

@article{dolan2001conformal,
  title={Conformal four point functions and the operator product expansion},
  author={Dolan, Francis A and Osborn, Hugh},
  journal={Nuclear Physics B},
  volume={599},
  number={1-2},
  pages={459--496},
  year={2001},
  publisher={Elsevier}
}

@article{banerjee2021subsubleading,
  title={Subsubleading soft graviton symmetry and MHV graviton scattering amplitudes},
  author={Banerjee, Shamik and Ghosh, Sudip and Samal, Sai Satyam},
  journal={Journal of High Energy Physics},
  volume={2021},
  number={8},
  pages={1--19},
  year={2021},
  publisher={Springer}
}

@article{pasterski2021celestial,
  title={Celestial diamonds: conformal multiplets in celestial CFT},
  author={Pasterski, Sabrina and Puhm, Andrea and Trevisani, Emilio},
  journal={Journal of High Energy Physics},
  volume={2021},
  number={11},
  pages={1--54},
  year={2021},
  publisher={Springer}
}

@article{hu2023celestial,
  title={Celestial recursion},
  author={Hu, Yangrui and Pasterski, Sabrina},
  journal={Journal of High Energy Physics},
  volume={2023},
  number={1},
  pages={1--40},
  year={2023},
  publisher={Springer}
}

@article{hu2021celestial,
  title={Celestial dual superconformal symmetry, MHV amplitudes and differential equations},
  author={Hu, Yangrui and Ren, Lecheng and Srikant, Akshay Yelleshpur and Volovich, Anastasia},
  journal={Journal of High Energy Physics},
  volume={2021},
  number={12},
  pages={1--17},
  year={2021},
  publisher={Springer}
}

@article{ruzziconi2024differential,
  title={Differential Equations for Carrollian Amplitudes},
  author={Ruzziconi, Romain and Stieberger, Stephan and Taylor, Tomasz R and Zhu, Bin},
  journal={arXiv preprint arXiv:2407.04789},
  year={2024}
}

@article{banerjee2023infinite,
  title={An infinite family of w1+? invariant theories on the celestial sphere},
  author={Banerjee, Shamik and Kulkarni, Harshal and Paul, Partha},
  journal={Journal of High Energy Physics},
  volume={2023},
  number={5},
  pages={1--15},
  year={2023},
  publisher={Springer}
}

@article{banerjee2023all,
  title={All $ S $ invariant gluon OPEs on the celestial sphere},
  author={Banerjee, Shamik and Mandal, Raju and Misra, Sagnik and Panda, Sudhakar and Paul, Partha},
  journal={arXiv preprint arXiv:2311.16796},
  year={2023}
}

@article{zinn2005renormalization,
  title={Renormalization of gauge theories},
  author={Zinn-Justin, Jean},
  journal={Trends in Elementary Particle Theory: International Summer Institute on Theoretical Physics in Bonn 1974},
  pages={1--39},
  year={2005},
  publisher={Springer}
}

@article{weinberg2016effective,
  title={Effective field theory, past and future},
  author={Weinberg, Steven},
  journal={International Journal of Modern Physics A},
  volume={31},
  number={06},
  pages={1630007},
  year={2016},
  publisher={World Scientific}
}

@article{weinberg2021development,
  title={On the development of effective field theory},
  author={Weinberg, Steven},
  journal={The European Physical Journal H},
  volume={46},
  pages={1--6},
  year={2021},
  publisher={Springer}
}

@article{arkani2021celestial,
  title={Celestial amplitudes from UV to IR},
  author={Arkani-Hamed, Nima and Pate, Monica and Raclariu, A-M and Strominger, Andrew},
  journal={Journal of High Energy Physics},
  volume={2021},
  number={8},
  pages={1--36},
  year={2021},
  publisher={Springer}
}

@article{alday2024carrollian,
  title={Carrollian Amplitudes from Holographic Correlators},
  author={Alday, Luis F and Nocchi, Maria and Ruzziconi, Romain and Srikant, Akshay Yelleshpur},
  journal={arXiv preprint arXiv:2406.19343},
  year={2024}
}

@article{mason2024carrollian,
  title={Carrollian amplitudes and celestial symmetries},
  author={Mason, Lionel and Ruzziconi, Romain and Srikant, Akshay Yelleshpur},
  journal={Journal of High Energy Physics},
  volume={2024},
  number={5},
  pages={1--51},
  year={2024},
  publisher={Springer}
}

@article{bagchi2023ads,
  title={AdS Witten diagrams to Carrollian correlators},
  author={Bagchi, Arjun and Dhivakar, Prateksh and Dutta, Sudipta},
  journal={Journal of High Energy Physics},
  volume={2023},
  number={4},
  pages={1--42},
  year={2023},
  publisher={Springer}
}

@article{brown1986central,
  title={Central charges in the canonical realization of asymptotic symmetries: An example from three dimensional gravity},
  author={Brown, J David and Henneaux, Marc},
  journal={Communications in Mathematical Physics},
  volume={104},
  pages={207--226},
  year={1986},
  publisher={Springer}
}

@article{giveon1998comments,
  title={Comments on string theory on $ AdS\_3$},
  author={Giveon, Amit and Kutasov, David and Seiberg, Nathan},
  journal={arXiv preprint hep-th/9806194},
  year={1998}
}

@article{de1999string,
  title={String theory on AdS3},
  author={de Boer, Jan and Ooguri, Hirosi and Robins, Harlan and Tannenhauser, Jonathan},
  journal={Journal of High Energy Physics},
  volume={1998},
  number={12},
  pages={026},
  year={1999},
  publisher={IOP Publishing}
}

@article{maldacena2001strings,
  title={Strings in AdS3 and the SL (2, R) WZW model. I: The spectrum},
  author={Maldacena, Juan and Ooguri, Hirosi},
  journal={Journal of Mathematical Physics},
  volume={42},
  number={7},
  pages={2929--2960},
  year={2001},
  publisher={AIP Publishing}
}

@article{maldacena2001strings2,
  title={Strings in AdS 3 and the SL (2, R) WZW model. II: Euclidean black hole},
  author={Maldacena, Juan and Ooguri, Hirosi and Son, John},
  journal={Journal of Mathematical Physics},
  volume={42},
  number={7},
  pages={2961--2977},
  year={2001},
  publisher={American Institute of Physics}
}

@article{maldacena1999ads3,
  title={AdS3 black holes and a stringy exclusion principle},
  author={Maldacena, Juan and Strominger, Andrew},
  journal={Journal of High Energy Physics},
  volume={1998},
  number={12},
  pages={005},
  year={1999},
  publisher={IOP Publishing}
}

@book{polchinski2001string,
  title={String Theory},
  author={Polchinski, J.},
  isbn={9780521633031},
  lccn={98004545},
  series={String Theory 2 Volume Hardback Set},
  url={https://books.google.com.br/books?id=54DGYyNAjacC},
  year={2001},
  publisher={Cambridge University Press}
}

@book{francesco1997conformal,
  title={Conformal Field Theory},
  author={Francesco, P. and Mathieu, P. and S{\'e}n{\'e}chal, D.},
  isbn={9780387947853},
  lccn={96023155},
  series={Graduate Texts in Contemporary Physics},
  url={https://books.google.com.br/books?id=keUrdME5rhIC},
  year={1997},
  publisher={Springer}
}

@book{polchinski1998string,
  title={String Theory},
  author={Polchinski, J.},
  number={v. 2},
  isbn={9780521633048},
  lccn={98004545},
  series={Cambridge Monographs on Mathematical Physics},
  url={https://books.google.com.br/books?id=WKatSc5pjOgC},
  year={1998},
  publisher={Cambridge University Press}
}

@article{gawedzki1992non,
  title={Non-compact WZW conformal field theories},
  author={Gawedzki, Krzysztof},
  journal={New symmetry principles in quantum field theory},
  pages={247--274},
  year={1992},
  publisher={Springer}
}

@article{gawedzki1989coset,
  title={Coset construction from functional integrals},
  author={Gawedzki, K and Kupiainen, A},
  journal={Nuclear Physics B},
  volume={320},
  number={3},
  pages={625--668},
  year={1989},
  publisher={Elsevier}
}

@article{gawedzki1989quadrature,
  title={Quadrature of conformal field theories},
  author={Gawedzki, Krzysztof},
  journal={Nuclear Physics B},
  volume={328},
  number={3},
  pages={733--752},
  year={1989},
  publisher={Elsevier}
}

@article{teschner1999mini,
  title={The mini-superspace limit of the SL (2, C/SU (2)-WZNW model},
  author={Teschner, J},
  journal={Nuclear Physics B},
  volume={546},
  number={1-2},
  pages={369--389},
  year={1999},
  publisher={Elsevier}
}

@article{teschner1997conformal,
  title={On the conformal bootstrap for SL (2, R)-WZNW models},
  author={Teschner, JA},
  journal={arXiv preprint hep-th/9705214},
  year={1997},
  publisher={Citeseer}
}

@article{teschner2000operator,
  title={Operator product expansion and factorization in the H3+-WZNW model},
  author={Teschner, J},
  journal={Nuclear Physics B},
  volume={571},
  number={3},
  pages={555--582},
  year={2000},
  publisher={Elsevier}
}

@article{teschner1999structure,
  title={On structure constants and fusion rules in the SL (2, C)/SU (2)-WZNW model},
  author={Teschner, J},
  journal={Nuclear Physics B},
  volume={546},
  number={1-2},
  pages={390--422},
  year={1999},
  publisher={Elsevier}
}

@article{d1988geometry,
  title={The geometry of string perturbation theory},
  author={D'Hoker, Eric and Phong, Duong H},
  journal={Reviews of Modern Physics},
  volume={60},
  number={4},
  pages={917},
  year={1988},
  publisher={APS}
}

@article{ogawa2024celestial,
  title={Celestial CFT from $ H\_3\^{}+ $-WZW Model},
  author={Ogawa, Naoki and Takahashi, Shunta and Tsuda, Takashi and Waki, Takahiro},
  journal={arXiv preprint arXiv:2404.12049},
  year={2024}
}

@article{gu2022note,
  title={A note on the analytic structure of celestial amplitudes},
  author={Gu, Jiayin and Li, Ying-Ying and Wang, Lian-Tao},
  journal={Journal of High Energy Physics},
  volume={2022},
  number={8},
  pages={1--21},
  year={2022},
  publisher={Springer}
}

@article{stieberger2018strings,
  title={Strings on celestial sphere},
  author={Stieberger, Stephan and Taylor, Tomasz R},
  journal={Nuclear Physics B},
  volume={935},
  pages={388--411},
  year={2018},
  publisher={Elsevier}
}

@book{gradshteyn2014table,
  title={Table of integrals, series, and products},
  author={Gradshteyn, Izrail Solomonovich and Ryzhik, Iosif Moiseevich},
  year={2014},
  publisher={Academic press}
}

@book{smirnov2004evaluating,
  title={Evaluating feynman integrals},
  author={Smirnov, Vladimir A},
  volume={211},
  year={2004},
  publisher={Springer Science \& Business Media}
}

@article{weinzierl2022feynman,
  title={Feynman integrals},
  author={Weinzierl, Stefan},
  journal={arXiv preprint arXiv:2201.03593},
  volume={5},
  number={6},
  year={2022},
  publisher={Springer}
}

@article{furugori2024celestial,
  title={Celestial two-point functions and rectified dictionary},
  author={Furugori, Hideo and Ogawa, Naoki and Sugishita, Sotaro and Waki, Takahiro},
  journal={Journal of High Energy Physics},
  volume={2024},
  number={2},
  pages={1--15},
  year={2024},
  publisher={Springer}
}

@article{simmons2014projectors,
  title={Projectors, shadows, and conformal blocks},
  author={Simmons-Duffin, David},
  journal={Journal of High Energy Physics},
  volume={2014},
  number={4},
  pages={1--36},
  year={2014},
  publisher={Springer}
}

@article{ribault2005h3+,
  title={H3+-WZNW correlators from Liouville theory},
  author={Ribault, Sylvain and Teschner, Joerg},
  journal={Journal of High Energy Physics},
  volume={2005},
  number={06},
  pages={014},
  year={2005},
  publisher={IOP Publishing}
}

@book{vladimirov1971equations,
  title={Equations of Mathematical Physics},
  author={Vladimirov, V.S.},
  isbn={9780824717131},
  lccn={76134446},
  series={Monographs and textbooks in pure and applied mathematics},
  url={https://books.google.com.br/books?id=oAfvAAAAIAAJ},
  year={1971},
  publisher={M. Dekker}
}

@article{nastase2022celestial,
  title={Celestial IR divergences in general most-subleading-color gluon and gravity amplitudes},
  author={Nastase, Horatiu and Rojas, Francisco and Rubio, Carlos},
  journal={Journal of High Energy Physics},
  volume={2022},
  number={1},
  pages={1--28},
  year={2022},
  publisher={Springer}
}

@article{de2023celestial,
  title={Celestial sector in cft: Conformally soft symmetries},
  author={de Gioia, Leonardo Pipolo and Raclariu, Ana-Maria},
  journal={arXiv preprint arXiv:2303.10037},
  year={2023},
  publisher={Mar}
}

@article{de2023eikonal,
  title={Eikonal approximation in celestial CFT},
  author={de Gioia, Leonardo Pipolo and Raclariu, Ana-Maria},
  journal={Journal of High Energy Physics},
  volume={2023},
  number={3},
  pages={1--39},
  year={2023},
  publisher={Springer}
}

@article{banados1992black,
  title={Black hole in three-dimensional spacetime},
  author={Banados, Maximo and Teitelboim, Claudio and Zanelli, Jorge},
  journal={Physical review letters},
  volume={69},
  number={13},
  pages={1849},
  year={1992},
  publisher={APS}
}

@article{cangemi1993gauge,
  title={Gauge formulation of the spinning black hole in (2+ 1)-dimensional anti-de Sitter space},
  author={Cangemi, Daniel and Leblanc, Martin and Mann, Robert B},
  journal={Physical Review D},
  volume={48},
  number={8},
  pages={3606},
  year={1993},
  publisher={APS}
}

@article{strominger1998black,
  title={Black hole entropy from near-horizon microstates},
  author={Strominger, Andrew},
  journal={Journal of High Energy Physics},
  volume={1998},
  number={02},
  pages={009},
  year={1998},
  publisher={IOP Publishing}
}

@article{crawley2022black,
  title={Black holes in Klein space},
  author={Crawley, Erin and Guevara, Alfredo and Miller, Noah and Strominger, Andrew},
  journal={Journal of High Energy Physics},
  volume={2022},
  number={10},
  pages={1--41},
  year={2022},
  publisher={Springer}
}

@article{giribet2001correlators,
  title={Correlators in AdS3 string theory},
  author={Giribet, Gast{\'o}n and Nunez, Carmen},
  journal={Journal of High Energy Physics},
  volume={2001},
  number={06},
  pages={010},
  year={2001},
  publisher={IOP Publishing}
}

@article{bars1999string,
  title={String theory on AdS (3) revisited},
  author={Bars, I and Deliduman, C and Minic, D},
  journal={arXiv preprint hep-th/9907087},
  year={1999}
}

@article{abe2005multigluon,
  title={Multigluon amplitudes, N= 4 constraints, and the Wess-Zumino-Witten model},
  author={Abe, Yasuhiro and Nair, VP and Park, Mu-In},
  journal={Physical Review D?Particles, Fields, Gravitation, and Cosmology},
  volume={71},
  number={2},
  pages={025002},
  year={2005},
  publisher={APS}
}

@article{leites1980introduction,
  title={Introduction to the theory of supermanifolds},
  author={Leites, Dmitrii Aleksandrovich},
  journal={Russian Mathematical Surveys},
  volume={35},
  number={1},
  pages={1},
  year={1980},
  publisher={IOP Publishing}
}

@inproceedings{kostant2006graded,
  title={Graded manifolds, graded Lie theory, and prequantization},
  author={Kostant, Bertram},
  booktitle={Differential Geometrical Methods in Mathematical Physics: Proceedings of the Symposium Held at the University of Bonn, July 1--4, 1975},
  pages={177--306},
  year={2006},
  organization={Springer}
}

@book{dewitt1992supermanifolds,
  title={Supermanifolds},
  author={DeWitt, Bryce Seligman},
  year={1992},
  publisher={Cambridge University Press}
}

@book{rogers2007supermanifolds,
  title={Supermanifolds: theory and applications},
  author={Rogers, Alice},
  year={2007},
  publisher={World Scientific}
}

@article{batchelor1979structure,
  title={The structure of supermanifolds},
  author={Batchelor, Marjorie},
  journal={Transactions of the American Mathematical Society},
  volume={253},
  pages={329--338},
  year={1979}
}

@book{bartocci2012geometry,
  title={The geometry of supermanifolds},
  author={Bartocci, Claudio and Bruzzo, Ugo and Hern{\'a}ndez-Ruip{\'e}rez, Daniel},
  volume={71},
  year={2012},
  publisher={Springer Science \& Business Media}
}

@article{batchelor1980two,
  title={Two approaches to supermanifolds},
  author={Batchelor, Marjorie},
  journal={Transactions of the American Mathematical Society},
  volume={258},
  number={1},
  pages={257--270},
  year={1980}
}

@article{grimm1978extended,
  title={Extended supersymmetry and gauge theories},
  author={Grimm, R and Sohnius, M and Wess, J},
  journal={Nuclear Physics B},
  volume={133},
  number={2},
  pages={275--284},
  year={1978},
  publisher={Elsevier}
}

@article{grimm1982structure,
  title={The structure of supergravity in superspace},
  author={Grimm, R},
  journal={Supergravity},
  volume={81},
  year={1982}
}

@book{wess2020supersymmetry,
  title={Supersymmetry and Supergravity: Revised Edition},
  author={Wess, Julius and Bagger, Jonathan},
  volume={25},
  year={2020},
  publisher={Princeton university press}
}

@article{witten2004perturbative,
  title={Perturbative gauge theory as a string theory in twistor space},
  author={Witten, Edward},
  journal={Communications in Mathematical Physics},
  volume={252},
  pages={189--258},
  year={2004},
  publisher={Springer}
}

@article{adamo2019celestial,
  title={Celestial amplitudes and conformal soft theorems},
  author={Adamo, Tim and Mason, Lionel and Sharma, Atul},
  journal={Classical and Quantum Gravity},
  volume={36},
  number={20},
  pages={205018},
  year={2019},
  publisher={IOP Publishing}
}

@article{mol2024comments,
  title={Comments on Celestial CFT and $ AdS\_ $\{$3$\}$ $ String Theory},
  author={Mol, Igor},
  journal={arXiv preprint arXiv:2410.02620},
  year={2024}
}

@article{weinberg2010six,
  title={Six-dimensional methods for four-dimensional conformal field theories},
  author={Weinberg, Steven},
  journal={Physical Review D?Particles, Fields, Gravitation, and Cosmology},
  volume={82},
  number={4},
  pages={045031},
  year={2010},
  publisher={APS}
}

@article{roytenberg2002structure,
  title={On the structure of graded symplectic supermanifolds and Courant algebroids},
  author={Roytenberg, Dmitry},
  journal={Contemporary Mathematics},
  volume={315},
  pages={169--186},
  year={2002},
  publisher={Providence, RI: American Mathematical Society}
}

@article{dirac1936wave,
  title={Wave equations in conformal space},
  author={Dirac, Paul AM},
  journal={Annals of Mathematics},
  volume={37},
  number={2},
  pages={429--442},
  year={1936},
  publisher={JSTOR}
}

@article{dibitetto2018ads3,
  title={AdS3 solutions with exceptional supersymmetry},
  author={Dibitetto, Giuseppe and Lo Monaco, Gabriele and Passias, Achilleas and Petri, Nicol{\`o} and Tomasiello, Alessandro},
  journal={Fortschritte der Physik},
  volume={66},
  number={10},
  pages={1800060},
  year={2018},
  publisher={Wiley Online Library}
}

@article{nicolai2001n,
  title={N= 8 matter coupled AdS3 supergravities},
  author={Nicolai, Hermann and Samtleben, Henning},
  journal={Physics Letters B},
  volume={514},
  number={1-2},
  pages={165--172},
  year={2001},
  publisher={Elsevier}
}

@article{di1985supersymmetric,
  title={A supersymmetric Wess-Zumino lagrangian in two dimensions},
  author={Di Vecchia, P and Knizhnik, VG and Petersen, JL and Rossi, Paolo},
  journal={Nuclear Physics B},
  volume={253},
  pages={701--726},
  year={1985},
  publisher={Elsevier}
}

@article{abdalla1985supersymmetric,
  title={Supersymmetric extension of the chiral model and the Wess-Zumino term in two dimensions},
  author={Abdalla, Elcio and Abdalla, Maria Christina B},
  journal={Physics Letters B},
  volume={152},
  number={1-2},
  pages={59--62},
  year={1985},
  publisher={Elsevier}
}

@article{figueroa1995n,
  title={N= 1 and N= 2 cosets from gauged supersymmetric WZW models},
  author={Figueroa-O'Farrill, Jose M and Stanciu, Sonia},
  journal={arXiv preprint hep-th/9511229},
  year={1995}
}

@article{berkovits1999conformal,
  title={Conformal field theory of AdS background with Ramond-Ramond flux},
  author={Berkovits, Nathan J and Vafa, Cumrun and Witten, Edward},
  journal={Journal of High Energy Physics},
  volume={1999},
  number={03},
  pages={018},
  year={1999},
  publisher={IOP Publishing}
}

@phdthesis{gerigk2012superstring,
  title={Superstring theory on AdS? x S$^3$ and the PSL (2| 2) WZW model},
  author={Gerigk, Sebastian},
  year={2012},
  school={ETH Zurich}
}

@article{dolan2001vertex,
  title={Vertex operators for AdS3 with Ramond background},
  author={Dolan, Louise},
  journal={International Journal of Modern Physics A},
  volume={16},
  number={05},
  pages={812--821},
  year={2001},
  publisher={World Scientific}
}

@article{dolan1999vertex,
  title={Vertex operators for AdS3 background with Ramond Ramond flux},
  author={Dolan, Louise and Witten, Edward},
  journal={Journal of High Energy Physics},
  volume={1999},
  number={11},
  pages={003},
  year={1999},
  publisher={IOP Publishing}
}

@article{puhm2020conformally,
  title={Conformally soft theorem in gravity},
  author={Puhm, Andrea},
  journal={Journal of High Energy Physics},
  volume={2020},
  number={9},
  pages={1--15},
  year={2020},
  publisher={Springer}
}

@article{fujikawa1980path,
  title={Path integral for gauge theories with fermions},
  author={Fujikawa, Kazuo},
  journal={Physical Review D},
  volume={21},
  number={10},
  pages={2848},
  year={1980},
  publisher={APS}
}

@article{zumino1984chiral,
  title={Chiral anomalies, higher dimensions, and differential geometry},
  author={Zumino, Bruno and Yong-Shi, Wu and Zee, Anthony},
  journal={Nuclear Physics B},
  volume={239},
  number={2},
  pages={477--507},
  year={1984},
  publisher={Elsevier}
}

@article{polyakov1983theory,
  title={Theory of nonabelian Goldstone bosons in two dimensions},
  author={Polyakov, A and Wiegmann, Paul B},
  journal={Physics Letters B},
  volume={131},
  number={1-3},
  pages={121--126},
  year={1983},
  publisher={Elsevier}
}

@article{witten1984non,
  title={Non-abelian bosonization in two dimensions},
  author={Witten, Edward},
  journal={Communications in Mathematical Physics},
  volume={92},
  number={4},
  pages={455--472},
  year={1984},
  publisher={Springer}
}

@article{schwinger1962gauge,
  title={Gauge invariance and mass. II},
  author={Schwinger, Julian},
  journal={Physical Review},
  volume={128},
  number={5},
  pages={2425},
  year={1962},
  publisher={APS}
}

@article{thirring1958soluble,
  title={A soluble relativistic field theory},
  author={Thirring, Walter E},
  journal={Annals of Physics},
  volume={3},
  number={1},
  pages={91--112},
  year={1958},
  publisher={Elsevier}
}

@article{coleman1975quantum,
  title={Quantum sine-Gordon equation as the massive Thirring model},
  author={Coleman, Sidney},
  journal={Physical Review D},
  volume={11},
  number={8},
  pages={2088},
  year={1975},
  publisher={APS}
}

@article{hooft1993dimensional,
  title={Dimensional reduction in quantum gravity},
  author={Hooft, Gerard?t},
  journal={arXiv preprint gr-qc/9310026},
  year={1993}
}

@article{susskind1995world,
  title={The world as a hologram},
  author={Susskind, Leonard},
  journal={Journal of Mathematical Physics},
  volume={36},
  number={11},
  pages={6377--6396},
  year={1995},
  publisher={American Institute of Physics}
}

@article{heisenberg1989beobachtbaren,
  title={Die ?beobachtbaren Gr{\"o}{\ss}en ?in der Theorie der Elementarteilchen},
  author={Heisenberg, Werner},
  journal={Original Scientific Papers/Wissenschaftliche Originalarbeiten},
  pages={611--636},
  year={1989},
  publisher={Springer}
}

@article{chew1961s,
  title={The S-matrix theory of strong interactions},
  author={Chew, Geoffrey F},
  year={1961}
}

@article{chen2024entanglement,
  title={Entanglement, Soft Modes, and Celestial CFT},
  author={Chen, Hong Zhe and Myers, Robert and Raclariu, Ana-Maria},
  journal={arXiv preprint arXiv:2403.13913},
  year={2024}
}

@article{mason2014ambitwistor,
  title={Ambitwistor strings and the scattering equations},
  author={Mason, Lionel and Skinner, David},
  journal={Journal of High Energy Physics},
  volume={2014},
  number={7},
  pages={1--34},
  year={2014},
  publisher={Springer}
}

@article{geyer2014ambitwistor,
  title={Ambitwistor strings in four dimensions},
  author={Geyer, Yvonne and Lipstein, Arthur E and Mason, Lionel},
  journal={Physical review letters},
  volume={113},
  number={8},
  pages={081602},
  year={2014},
  publisher={APS}
}

@article{casali2015new,
  title={New ambitwistor string theories},
  author={Casali, Eduardo and Geyer, Yvonne and Mason, Lionel and Monteiro, Ricardo and Roehrig, Kai A},
  journal={Journal of High Energy Physics},
  volume={2015},
  number={11},
  pages={1--29},
  year={2015},
  publisher={Springer}
}

@article{ohmori2015worldsheet,
  title={Worldsheet geometries of ambitwistor string},
  author={Ohmori, Kantaro},
  journal={Journal of High Energy Physics},
  volume={2015},
  number={6},
  pages={1--27},
  year={2015},
  publisher={Springer}
}

@article{geyer2015ambitwistor,
  title={Ambitwistor strings at null infinity and (subleading) soft limits},
  author={Geyer, Yvonne and Lipstein, Arthur E and Mason, Lionel},
  journal={Classical and Quantum Gravity},
  volume={32},
  number={5},
  pages={055003},
  year={2015},
  publisher={IOP Publishing}
}

@article{mol2024partial,
  title={Partial Differential Equations for MHV Celestial Amplitudes in Liouville Theory},
  author={Mol, Igor},
  journal={arXiv preprint arXiv:2409.05936},
  year={2024}
}

@article{giveon2001comments,
  title={Comments on D-branes in AdS3},
  author={Giveon, Amit and Kutasov, David and Schwimmer, Adam},
  journal={Nuclear Physics B},
  volume={615},
  number={1-3},
  pages={133--168},
  year={2001},
  publisher={Elsevier}
}

@article{gaberdiel2021d,
  title={D-branes in AdS3$\times$ S3$\times$   4 at k= 1 and their holographic duals},
  author={Gaberdiel, Matthias R and Knighton, Bob and Vo{\v{s}}mera, Jakub},
  journal={Journal of High Energy Physics},
  volume={2021},
  number={12},
  pages={1--49},
  year={2021},
  publisher={Springer}
}

@article{adamo2014ambitwistor,
  title={Ambitwistor strings and the scattering equations at one loop},
  author={Adamo, Tim and Casali, Eduardo and Skinner, David},
  journal={Journal of High Energy Physics},
  volume={2014},
  number={4},
  pages={1--34},
  year={2014},
  publisher={Springer}
}

@article{arkani2014amplituhedron,
  title={The amplituhedron},
  author={Arkani-Hamed, Nima and Trnka, Jaroslav},
  journal={Journal of High Energy Physics},
  volume={2014},
  number={10},
  pages={1--33},
  year={2014},
  publisher={Springer}
}

@article{abe5analysis,
  title={An Analysis of N= 8 Supergravity in Supertwistor Space},
  author={Abe, Yasuhiro},
  journal={SQS?05},
  pages={376}
}

@article{arkani2014into,
  title={Into the amplituhedron},
  author={Arkani-Hamed, Nima and Trnka, Jaroslav},
  journal={Journal of High Energy Physics},
  volume={2014},
  number={12},
  pages={1--32},
  year={2014},
  publisher={Springer}
}

@book{galperin2001harmonic,
  title={Harmonic superspace},
  author={Galperin, Alexander Samoilovich and Ivanov, Evgeny Alexeevich and Ogievetsky, Victor Isaakovich and Sokatchev, Emery S},
  year={2001},
  publisher={Cambridge University Press}
}

@incollection{ivanov2023n,
  title={N= 2 supergravities in harmonic superspace},
  author={Ivanov, Evgeny},
  booktitle={Handbook of Quantum Gravity},
  pages={1--50},
  year={2023},
  publisher={Springer}
}

@article{costa2014spinning,
  title={Spinning ads propagators},
  author={Costa, Miguel S and Gon{\c{c}}alves, Vasco and Penedones, Jo{\~a}o},
  journal={Journal of High Energy Physics},
  volume={2014},
  number={9},
  pages={1--47},
  year={2014},
  publisher={Springer}
}

@article{howe1982gauging,
  title={Gauging N= 8 supergravity in superspace},
  author={Howe, Paul S and Nicolai, Hermann C},
  journal={Phys. Lett. B},
  volume={109},
  number={CERN-TH-3211},
  pages={269--272},
  year={1982}
}

@article{howe1982supergravity,
  title={Supergravity in superspace},
  author={Howe, Paul},
  journal={Nuclear Physics B},
  volume={199},
  number={2},
  pages={309--364},
  year={1982},
  publisher={Elsevier}
}

@article{nicolai2024n,
  title={N= 8 Supergravity, and beyond},
  author={Nicolai, Hermann},
  journal={arXiv preprint arXiv:2409.18656},
  year={2024}
}

@article{kallosh2009n,
  title={N= 8 supergravity on the light cone},
  author={Kallosh, Renata},
  journal={Physical Review D?Particles, Fields, Gravitation, and Cosmology},
  volume={80},
  number={10},
  pages={105022},
  year={2009},
  publisher={APS}
}

@article{cremmer1980formulation,
  title={Formulation of 11-dimensional supergravity in superspace},
  author={Cremmer, Eugene and Ferrara, Sergio},
  journal={Physics Letters B},
  volume={91},
  number={1},
  pages={61--66},
  year={1980},
  publisher={Elsevier}
}

@article{de1982n,
  title={N= 8 supergravity},
  author={De Wit, Bernard and Nicolai, Hermann},
  journal={Nuclear Physics B},
  volume={208},
  number={2},
  pages={323--364},
  year={1982},
  publisher={Elsevier}
}

@article{cachazo2014gravity,
  title={Gravity in twistor space and its Grassmannian formulation},
  author={Cachazo, Freddy and Mason, Lionel and Skinner, David and others},
  journal={SIGMA. Symmetry, Integrability and Geometry: Methods and Applications},
  volume={10},
  pages={051},
  year={2014},
  publisher={SIGMA. Symmetry, Integrability and Geometry: Methods and Applications}
}

@article{cachazo2013gravity,
  title={Gravity from rational curves in twistor space},
  author={Cachazo, Freddy and Skinner, David},
  journal={Physical Review Letters},
  volume={110},
  number={16},
  pages={161301},
  year={2013},
  publisher={APS}
}

@article{adamo2013twistor,
  title={Twistor-strings and gravity tree amplitudes},
  author={Adamo, Tim and Mason, Lionel},
  journal={Classical and Quantum Gravity},
  volume={30},
  number={7},
  pages={075020},
  year={2013},
  publisher={IOP Publishing}
}

@article{bu2023celestial,
  title={Celestial holography and AdS3/CFT2 from a scaling reduction of twistor space},
  author={Bu, Wei and Seet, Sean},
  journal={Journal of High Energy Physics},
  volume={2023},
  number={12},
  pages={1--38},
  year={2023},
  publisher={Springer}
}

@article{berends1988recursive,
  title={Recursive calculations for processes with n gluons},
  author={Berends, Frits A and Giele, WT},
  journal={Nuclear Physics B},
  volume={306},
  number={4},
  pages={759--808},
  year={1988},
  publisher={Elsevier}
}

@book{weinberg2005quantum,
  title={The Quantum Theory of Fields: Volume 2, Modern Applications},
  author={Weinberg, S.},
  isbn={9780521670548},
  url={https://books.google.com.br/books?id=jV19vAEACAAJ},
  year={2005},
  publisher={Cambridge University Press}
}

@article{nair2005chern,
  title={Chern-Simons, WZW models, Twistors, and Multigluon Scattering Amplitudes},
  author={Nair, VP},
  journal={Notes for lectures at BUSSTEPP},
  year={2005},
  publisher={Citeseer}
}

@book{weinberg1995quantum,
  title={The Quantum Theory of Fields},
  author={Weinberg, S.},
  number={v. 1},
  isbn={9780521550017},
  lccn={95002782},
  series={Quantum Theory of Fields, Vol. 2: Modern Applications},
  url={https://books.google.com.br/books?id=doeDB3_WLvwC},
  year={1995},
  publisher={Cambridge University Press}
}

@mastersthesis{Wolf:2006me,
    author = "Wolf, Martin",
    title = "{On Supertwistor geometry and integrability in super gauge theory}",
    eprint = "hep-th/0611013",
    archivePrefix = "arXiv",
    type = "Other thesis",
    month = "7",
    year = "2006"
}

@article{Popov:2004rb,
    author = "Popov, Alexander D. and Saemann, Christian",
    title = "{On supertwistors, the Penrose-Ward transform and N=4 super Yang-Mills theory}",
    eprint = "hep-th/0405123",
    archivePrefix = "arXiv",
    reportNumber = "ITP-UH-11-04",
    doi = "10.4310/ATMP.2005.v9.n6.a2",
    journal = "Adv. Theor. Math. Phys.",
    volume = "9",
    number = "6",
    pages = "931--998",
    year = "2005"
}

@article{Lukierski:1988vw,
    author = "Lukierski, Jerzy and Nowicki, Anatol",
    title = "{General Superspaces From Supertwistors}",
    reportNumber = "UWR-88-702",
    doi = "10.1016/0370-2693(88)90903-3",
    journal = "Phys. Lett. B",
    volume = "211",
    pages = "276--280",
    year = "1988"
}

@article{Lukierski:1986kg,
    author = "Lukierski, J.",
    title = "{Supersymmetric extension of twistor formalism}",
    reportNumber = "IC-86-319",
    doi = "10.1007/3-540-17925-9_36",
    journal = "Lect. Notes Phys.",
    volume = "280",
    pages = "137--155",
    year = "1987"
}

@article{Kotrla:1984ky,
    author = "Kotrla, M. and Niederle, J.",
    title = "{Supertwistors and Superspace}",
    reportNumber = "IC/84/237",
    doi = "10.1007/BF01595531",
    journal = "Czech. J. Phys. B",
    volume = "35",
    pages = "602",
    year = "1985"
}

@article{donnay2022carrollian,
  title={Carrollian perspective on celestial holography},
  author={Donnay, Laura and Fiorucci, Adrien and Herfray, Yannick and Ruzziconi, Romain},
  journal={Physical Review Letters},
  volume={129},
  number={7},
  pages={071602},
  year={2022},
  publisher={APS}
}

@article{bagchi2022scattering,
  title={Scattering amplitudes: celestial and Carrollian},
  author={Bagchi, Arjun and Banerjee, Shamik and Basu, Rudranil and Dutta, Sudipta},
  journal={Physical Review Letters},
  volume={128},
  number={24},
  pages={241601},
  year={2022},
  publisher={APS}
}

@inproceedings{eastwood1982edth,
  title={Edth-a differential operator on the sphere},
  author={Eastwood, Michael and Tod, Paul},
  booktitle={Mathematical Proceedings of the Cambridge Philosophical Society},
  volume={92},
  number={2},
  pages={317--330},
  year={1982},
  organization={Cambridge University Press}
}

@book{penrose1984spinors,
  title={Spinors and space-time},
  author={Penrose, Roger and Rindler, Wolfgang},
  volume={1},
  year={1984},
  publisher={Cambridge university press}
}

@article{veblen1933geometry,
  title={Geometry of two-component spinors},
  author={Veblen, Oswald},
  journal={Proceedings of the National Academy of Sciences},
  volume={19},
  number={4},
  pages={462--474},
  year={1933},
  publisher={National Acad Sciences}
}

@article{penrose1967twistor,
  title={Twistor algebra},
  author={Penrose, Roger},
  journal={Journal of Mathematical physics},
  volume={8},
  number={2},
  pages={345--366},
  year={1967},
  publisher={American Institute of Physics}
}

@book{huggett1994introduction,
  title={An introduction to twistor theory},
  author={Huggett, Stephen A and Tod, Kenneth P},
  number={4},
  year={1994},
  publisher={Cambridge University Press}
}

@article{atiyah2017twistor,
  title={Twistor theory at fifty: from contour integrals to twistor strings},
  author={Atiyah, Michael and Dunajski, Maciej and Mason, Lionel J},
  journal={Proceedings of the Royal Society A: Mathematical, Physical and Engineering Sciences},
  volume={473},
  number={2206},
  pages={20170530},
  year={2017},
  publisher={The Royal Society Publishing}
}

@article{bars2006lectures,
  title={Lectures on twistors},
  author={Bars, Itzhak},
  journal={arXiv preprint hep-th/0601091},
  year={2006}
}

@article{adamo2017lectures,
  title={Lectures on twistor theory},
  author={Adamo, Tim},
  journal={arXiv preprint arXiv:1712.02196},
  year={2017}
}

@article{grisaru1977some,
  title={Some properties of scattering amplitudes in supersymmetric theories},
  author={Grisaru, Marcus T and Pendleton, HN},
  journal={Nuclear Physics B},
  volume={124},
  number={1},
  pages={81--92},
  year={1977},
  publisher={Elsevier}
}

@article{brink1977supersymmetric,
  title={Supersymmetric yang-mills theories},
  author={Brink, Lars and Schwarz, John H and Scherk, Joel},
  journal={Nuclear Physics B},
  volume={121},
  number={1},
  pages={77--92},
  year={1977},
  publisher={Elsevier}
}

@phdthesis{ferber1977supertwistors,
  title={Supertwistors and conformal supersymmetry.},
  author={Ferber, Alan Charles},
  year={1977},
  school={The University of Chicago}
}

@article{manin1997introduction,
  title={Introduction to supergeometry},
  author={Manin, Yuri Ivanovich},
  journal={Gauge Field Theory and Complex Geometry},
  pages={181--232},
  year={1997},
  publisher={Springer}
}

@article{abou2008einstein,
  title={Einstein supergravity and new twistor string theories},
  author={Abou-Zeid, Mohab and Hull, Christopher M and Mason, Lionel J},
  journal={Communications in mathematical physics},
  volume={282},
  pages={519--573},
  year={2008},
  publisher={Springer}
}

@misc{gelfandgeneralized,
  title={Generalized Functions Vol. 5, Integral Geometry and Representation theory, 1966},
  author={Gelfand, IM and Graev, MI and Vilenkin, N Ya},
  publisher={Academic Press. New York and London},
  year={1966}
}

@article{cheung2003families,
  title={Families of N= 2 strings},
  author={Cheung, Yeuk-Kwan E and Oz, Yaron and Yin, Zheng},
  journal={Journal of High Energy Physics},
  volume={2003},
  number={11},
  pages={026},
  year={2003},
  publisher={IOP Publishing}
}

@article{duary2024spectral,
  title={Spectral representation in Klein space: simplifying celestial leaf amplitudes},
  author={Duary, Sarthak and Maji, Sourav},
  journal={arXiv preprint arXiv:2406.02342},
  year={2024}
}

@article{geyer2022sagex,
  title={The SAGEX review on scattering amplitudes Chapter 6: Ambitwistor Strings and Amplitudes from the Worldsheet},
  author={Geyer, Yvonne and Mason, Lionel},
  journal={Journal of Physics A: Mathematical and Theoretical},
  volume={55},
  number={44},
  pages={443007},
  year={2022},
  publisher={IOP Publishing}
}

@book{hartshorne2013algebraic,
  title={Algebraic geometry},
  author={Hartshorne, Robin},
  volume={52},
  year={2013},
  publisher={Springer Science \& Business Media}
}

@article{edward2004parity,
  title={Parity Invariance For String In Twistor Space},
  author={Witten, Edward},
  year={2004}
}

@article{miller2024proof,
  title={Proof of the graviton MHV formula using Plebanski's second heavenly equation},
  author={Miller, Noah},
  journal={arXiv preprint arXiv:2408.11139},
  year={2024}
}

@article{forster1981compact,
  title={Compact Riemann Surfaces},
  author={Forster, Otto},
  journal={Lectures on Riemann Surfaces},
  pages={96--174},
  year={1981},
  publisher={Springer}
}

@article{kodaira1963structure,
  title={On the structure of compact complex analytic surfaces},
  author={Kodaira, Kunihiko},
  journal={Proceedings of the National Academy of Sciences},
  volume={50},
  number={2},
  pages={218--221},
  year={1963},
  publisher={National Acad Sciences}
}

@book{kobayashi1996foundations,
  title={Foundations of differential geometry, volume 2},
  author={Kobayashi, Shoshichi and Nomizu, Katsumi},
  volume={61},
  year={1996},
  publisher={John Wiley \& Sons}
}

@article{hitchin1982monopoles,
  title={Monopoles and geodesics},
  author={Hitchin, Nigel J},
  journal={Communications in Mathematical Physics},
  volume={83},
  number={4},
  pages={579--602},
  year={1982},
  publisher={Springer}
}

@article{jones1985minitwistor,
  title={Minitwistor spaces and Einstein-Weyl spaces},
  author={Jones, PE and Tod, KP},
  journal={Classical and Quantum Gravity},
  volume={2},
  number={4},
  pages={565},
  year={1985},
  publisher={IOP Publishing}
}

@article{hitchin1982twistor,
  title={Twistor geometry and non-linear systems},
  author={Hitchin, NJ},
  journal={Lecture Notes in Mathematics},
  volume={970},
  year={1982}
}

@book{gel_fand2003selected,
  title={Selected topics in integral geometry},
  author={Gelfand, Izrail\_ Moiseevich and Gindikin, Semen Grigor\_evich and Graev, Mark Iosifovich},
  volume={220},
  year={2003},
  publisher={American Mathematical Soc.}
}

@article{kac1977lie,
  title={Lie superalgebras},
  author={Kac, Victor G},
  journal={Advances in mathematics},
  volume={26},
  number={1},
  pages={8--96},
  year={1977},
  publisher={Academic Press}
}

@article{atiyah1983yang,
  title={The yang-mills equations over riemann surfaces},
  author={Atiyah, Michael Francis and Bott, Raoul},
  journal={Philosophical Transactions of the Royal Society of London. Series A, Mathematical and Physical Sciences},
  volume={308},
  number={1505},
  pages={523--615},
  year={1983},
  publisher={The Royal Society London}
}

@book{kleinert2004path,
  title={Path Integrals in Quantum Mechanics, Statistics, Polymer Physics, and Financial Markets: Third Edition},
  author={Kleinert, H.},
  isbn={9789813106024},
  url={https://books.google.com.br/books?id=c2RIDQAAQBAJ},
  year={2004},
  publisher={World Scientific Publishing Company}
}

@book{ticciati1999quantum,
  title={Quantum Field Theory for Mathematicians},
  author={Ticciati, R.},
  isbn={9780521632652},
  lccn={98039473},
  series={Encyclopedia of Mathematics and its Applications},
  url={https://books.google.com.br/books?id=l-ruCWBpK8AC},
  year={1999},
  publisher={Cambridge University Press}
}

@article{tong2018gauge,
  title={Gauge theory},
  author={Tong, David},
  journal={Lecture notes, DAMTP Cambridge},
  volume={10},
  pages={8},
  year={2018}
}

@article{goddard1978magnetic,
  title={Magnetic monopoles in gauge field theories},
  author={Goddard, P and Olive, David I},
  journal={Reports on Progress in Physics},
  volume={41},
  number={9},
  pages={1357},
  year={1978},
  publisher={IOP Publishing}
}

@book{morita2001geometry,
  title={Geometry of differential forms},
  author={Morita, Shigeyuki},
  volume={201},
  year={2001},
  publisher={American Mathematical Soc.}
}

@article{gilkey1973curvature,
  title={Curvature and the eigenvalues of the Dolbeault complex for Kaehler manifolds},
  author={Gilkey, Peter B},
  journal={Advances in Mathematics},
  volume={11},
  number={3},
  pages={311--325},
  year={1973},
  publisher={Academic Press}
}

@book{jost2001bosonic,
  title={Bosonic Strings: A Mathematical Treatment: A Mathematical Treatment},
  author={Jost, J{\"u}rgen},
  volume={21},
  year={2001},
  publisher={American Mathematical Soc.}
}

@article{Tropper:2024evi,
    author = "Tropper, Adam",
    title = "{Symmetries of the Celestial Supersphere}",
    eprint = "2412.13113",
    archivePrefix = "arXiv",
    primaryClass = "hep-th",
    month = "12",
    year = "2024"
}
@article{roiban2004googly,
  title={A googly amplitude from the B-model in twistor space},
  author={Roiban, Radu and Spradlin, Marcus and Volovich, Anastasia},
  journal={Journal of High Energy Physics},
  volume={2004},
  number={04},
  pages={012},
  year={2004},
  publisher={IOP Publishing}
}

@article{schwinger1966particles,
  title={Particles and sources},
  author={Schwinger, Julian},
  journal={Physical Review},
  volume={152},
  number={4},
  pages={1219},
  year={1966},
  publisher={APS}
}

@article{bateman1918solution,
  title={The solution of the wave equation by means of definite integrals},
  author={Bateman, Harry},
  year={1918}
}

@article{penrose1969solutions,
  title={Solutions of the Zero-Rest-Mass Equations},
  author={Penrose, Roger},
  journal={Journal of mathematical Physics},
  volume={10},
  number={1},
  pages={38--39},
  year={1969},
  publisher={American Institute of Physics}
}

@book{helgason2011integral,
  title={Integral geometry and Radon transforms},
  author={Helgason, Sigurdur and others},
  volume={1},
  year={2011},
  publisher={Springer}
}

@book{helgason2022groups,
  title={Groups and geometric analysis: integral geometry, invariant differential operators, and spherical functions},
  author={Helgason, Sigurdur},
  volume={83},
  year={2022},
  publisher={American Mathematical Society}
}

@book{quinto2013geometric,
  title={Geometric Analysis and Integral Geometry},
  author={Quinto, Eric Todd and Gonzalez, Fulton and Christensen, Jens Gerlach},
  volume={598},
  year={2013},
  publisher={American Mathematical Soc.}
}

@book{helgason2024geometric,
  title={Geometric analysis on symmetric spaces},
  author={Helgason, Sigurdur},
  volume={39},
  year={2024},
  publisher={American Mathematical Society}
}

@article{guillemin1987perspectives,
  title={Perspectives in integral geometry},
  author={Guillemin, VICTOR},
  journal={Contemp. Math.},
  volume={63},
  pages={135--150},
  year={1987}
}

@article{boels2007twistor,
  title={From twistor actions to MHV diagrams},
  author={Boels, Rutger and Mason, Lionel and Skinner, David},
  journal={Physics Letters B},
  volume={648},
  number={1},
  pages={90--96},
  year={2007},
  publisher={Elsevier}
}

@article{honda2011minitwistor,
  title={Minitwistor spaces, Severi varieties, and Einstein--Weyl structure},
  author={Honda, Nobuhiro and Nakata, Fuminori},
  journal={Annals of Global Analysis and Geometry},
  volume={39},
  pages={293--323},
  year={2011},
  publisher={Springer}
}

@phdthesis{jones1984minitwistors,
  title={Minitwistors},
  author={Jones, Philip Edwin},
  year={1984},
  school={University of Oxford}
}

@article{adamo2016twistor,
  title={Twistor methods for AdS5},
  author={Adamo, Tim and Skinner, David and Williams, Jack},
  journal={Journal of High Energy Physics},
  volume={2016},
  number={8},
  pages={1--24},
  year={2016},
  publisher={Springer}
}

@article{movshev2006berezinian,
  title={On the Berezinian of a moduli space of curves in P\^{}$\{$n| n+ 1$\}$},
  author={Movshev, Michael},
  journal={arXiv preprint math/0611061},
  year={2006}
}

@article{adamo2013moduli,
  title={Moduli stacks of maps for supermanifolds},
  author={Adamo, Tim and Groechenig, Michael},
  year={2013}
}

@article{freed1987determinant,
  title={On determinant line bundles},
  author={Freed, Daniel S},
  journal={Mathematical aspects of string theory},
  volume={1},
  pages={189--238},
  year={1987},
  publisher={World Scientific}
}

@incollection{brylinski1999geometric,
  title={Geometric construction of Quillen line bundles},
  author={Brylinski, Jean-Luc},
  booktitle={Advances in geometry},
  pages={107--146},
  year={1999},
  publisher={Springer}
}

@article{quillen1985determinants,
  title={Determinants of Cauchy-Riemann operators over a Riemann surface},
  author={Quillen, Daniel},
  journal={Functional Analysis and Its Applications},
  volume={19},
  number={1},
  pages={31--34},
  year={1985},
  publisher={Springer}
}

@article{biswas1999determinant,
  title={Determinant bundle, Quillen metric, and Petersson-Weil form on moduli spaces},
  author={Biswas, Indranil and Schumacher, Georg},
  journal={Geometric and Functional Analysis},
  volume={9},
  number={2},
  pages={226--255},
  year={1999},
  publisher={Basel; Boston: Birkhauser, c1991-}
}

@article{boels2007supersymmetric,
  title={Supersymmetric gauge theories in twistor space},
  author={Boels, Rutger and Mason, Lionel and Skinner, David},
  journal={Journal of High Energy Physics},
  volume={2007},
  number={02},
  pages={014},
  year={2007},
  publisher={IOP Publishing}
}

@article{mason2010gravity,
  title={Gravity, twistors and the MHV formalism},
  author={Mason, Lionel and Skinner, David},
  journal={Communications in mathematical physics},
  volume={294},
  number={3},
  pages={827--862},
  year={2010},
  publisher={Springer}
}

@article{mason2010complete,
  title={The complete planar S-matrix of $$\backslash$mathcal $\{$N$\}$= 4$ SYM as a Wilson loop in twistor space},
  author={Mason, Lionel and Skinner, David},
  journal={Journal of High Energy Physics},
  volume={2010},
  number={12},
  pages={1--32},
  year={2010},
  publisher={Springer}
}

@article{mason2010scattering,
  title={Scattering amplitudes and BCFW recursion in twistor space},
  author={Mason, Lionel and Skinner, David},
  journal={Journal of High Energy Physics},
  volume={2010},
  number={1},
  pages={1--66},
  year={2010},
  publisher={Springer}
}

@article{bullimore2010mhv,
  title={MHV diagrams in momentum twistor space},
  author={Bullimore, Mathew and Mason, Lionel and Skinner, David},
  journal={Journal of High Energy Physics},
  volume={2010},
  number={12},
  pages={1--33},
  year={2010},
  publisher={Springer}
}

@book{de2012differentiable,
  title={Differentiable manifolds: forms, currents, harmonic forms},
  author={De Rham, Georges},
  volume={266},
  year={2012},
  publisher={Springer Science \& Business Media}
}

@inproceedings{schwartz1957theorie,
  title={Th{\'e}orie des distributions {\`a} valeurs vectorielles. I},
  author={Schwartz, Laurent},
  booktitle={Annales de l'institut Fourier},
  volume={7},
  pages={1--141},
  year={1957}
}

@inproceedings{schwartz1958theorie,
  title={Th{\'e}orie des distributions {\`a} valeurs vectorielles. II},
  author={Schwartz, Laurent},
  booktitle={Annales de l'institut Fourier},
  volume={8},
  pages={1--209},
  year={1958}
}

@article{schwartz1954espaces,
  title={Espaces de fonctions diff{\'e}rentiables {\`a} valeurs vectorielles},
  author={Schwartz, Laurent},
  journal={Journal d?Analyse Math{\'e}matique},
  volume={4},
  number={1},
  pages={88--148},
  year={1954},
  publisher={Springer}
}

@article{adamo2021twistor,
  title={Twistor sigma models for quaternionic geometry and graviton scattering},
  author={Adamo, Tim and Mason, Lionel and Sharma, Atul},
  journal={arXiv preprint arXiv:2103.16984},
  year={2021}
}

@phdthesis{sharma2022twistor,
  title={Twistor sigma models},
  author={Sharma, Atul},
  year={2022},
  school={University of Oxford}
}

@article{chiou2005massless,
  title={Massless and massive three-dimensional super Yang-Mills theory and mini-twistor string theory},
  author={Chiou, Dah-Wei and Ganor, Ori J and Hong, Yoon Pyo and Kim, Bom Soo and Mitra, Indrajit},
  journal={Physical Review D?Particles, Fields, Gravitation, and Cosmology},
  volume={71},
  number={12},
  pages={125016},
  year={2005},
  publisher={APS}
}

@article{samann2009mini,
  title={On the Mini-Superambitwistor Space and ??= 8 Super-Yang-Mills Theory},
  author={S{\"a}mann, Christian},
  journal={Advances in Mathematical Physics},
  volume={2009},
  number={1},
  pages={784215},
  year={2009},
  publisher={Wiley Online Library}
}

@article{dunajski2009twistor,
  title={Twistor theory and differential equations},
  author={Dunajski, Maciej},
  journal={Journal of Physics A: Mathematical and Theoretical},
  volume={42},
  number={40},
  pages={404004},
  year={2009},
  publisher={IOP Publishing}
}

@article{samann2006aspects,
  title={Aspects of twistor geometry and supersymmetric field theories within superstring theory},
  author={S{\"a}mann, Christian},
  journal={arXiv preprint hep-th/0603098},
  year={2006}
}

@article{adamo2018minitwistors,
  title={Minitwistors and 3d Yang-Mills-Higgs theory},
  author={Adamo, Tim and Skinner, David and Williams, Jack},
  journal={Journal of Mathematical Physics},
  volume={59},
  number={12},
  year={2018},
  publisher={AIP Publishing}
}

@article{kim1997recursion,
  title={Recursion rules for scattering amplitudes in non-Abelian gauge theories},
  author={Kim, Chanju and Nair, VP},
  journal={Physical Review D},
  volume={55},
  number={6},
  pages={3851},
  year={1997},
  publisher={APS}
}

@article{berkovits2004alternative,
  title={Alternative string theory in twistor space for N= 4 super-Yang-Mills theory},
  author={Berkovits, Nathan},
  journal={Physical review letters},
  volume={93},
  number={1},
  pages={011601},
  year={2004},
  publisher={APS}
}

@article{britto2005new,
  title={New recursion relations for tree amplitudes of gluons},
  author={Britto, Ruth and Cachazo, Freddy and Feng, Bo},
  journal={Nuclear Physics B},
  volume={715},
  number={1-2},
  pages={499--522},
  year={2005},
  publisher={Elsevier}
}

@article{britto2005direct,
  title={Direct proof of the tree-level scattering amplitude recursion relation in Yang-Mills theory},
  author={Britto, Ruth and Cachazo, Freddy and Feng, Bo and Witten, Edward},
  journal={Physical review letters},
  volume={94},
  number={18},
  pages={181602},
  year={2005},
  publisher={APS}
}

@article{bianchi2008generating,
  title={Generating tree amplitudes in ??= 4 SYM and ??= 8 SG},
  author={Bianchi, Massimo and Elvang, Henriette and Freedman, Daniel Z},
  journal={Journal of High Energy Physics},
  volume={2008},
  number={09},
  pages={063},
  year={2008},
  publisher={IOP Publishing}
}

@article{brandhuber2008note,
  title={Note on dual superconformal symmetry of the N= 4 super Yang-Mills S matrix},
  author={Brandhuber, Andreas and Heslop, Paul and Travaglini, Gabriele},
  journal={Physical Review D?Particles, Fields, Gravitation, and Cosmology},
  volume={78},
  number={12},
  pages={125005},
  year={2008},
  publisher={APS}
}

@article{arkani2010simplest,
  title={What is the simplest quantum field theory?},
  author={Arkani-Hamed, Nima and Cachazo, Freddy and Kaplan, Jared},
  journal={Journal of High Energy Physics},
  volume={2010},
  number={9},
  pages={1--92},
  year={2010},
  publisher={Springer}
}

@article{elvang2009recursion,
  title={Recursion relations, generating functions, and unitarity sums in ??= 4 SYM theory},
  author={Elvang, Henriette and Freedman, Daniel Z and Kiermaier, Michael},
  journal={Journal of High Energy Physics},
  volume={2009},
  number={04},
  pages={009},
  year={2009},
  publisher={IOP Publishing}
}

@article{drummond2009all,
  title={All tree-level amplitudes in ??= 4 SYM},
  author={Drummond, JM and Henn, JM},
  journal={Journal of High Energy Physics},
  volume={2009},
  number={04},
  pages={018},
  year={2009},
  publisher={IOP Publishing}
}

@article{dixon2011all,
  title={All tree-level amplitudes in massless QCD},
  author={Dixon, Lance J and Henn, Johannes M and Plefka, Jan and Schuster, Theodor},
  journal={Journal of High Energy Physics},
  volume={2011},
  number={1},
  pages={1--43},
  year={2011},
  publisher={Springer}
}

@article{korchemsky2010twistor,
  title={Twistor transform of all tree amplitudes in N= 4 SYM theory},
  author={Korchemsky, GP and Sokatchev, E},
  journal={Nuclear Physics B},
  volume={829},
  number={3},
  pages={478--522},
  year={2010},
  publisher={Elsevier}
}

@article{brandhuber2011tree,
  title={Tree-level formalism},
  author={Brandhuber, Andreas and Spence, Bill and Travaglini, Gabriele},
  journal={Journal of Physics A: Mathematical and Theoretical},
  volume={44},
  number={45},
  pages={454002},
  year={2011},
  publisher={IOP Publishing}
}

@article{klein1870theorie,
  title={Zur Theorie der Liniencomplexe des ersten und zweiten Grades},
  author={Klein, Felix},
  journal={Mathematische Annalen},
  volume={2},
  number={2},
  pages={198--226},
  year={1870},
  publisher={Springer}
}

@article{plucker1865xvii,
  title={Xvii. on a new geometry of space},
  author={Plucker, Julius},
  journal={Philosophical Transactions of the Royal Society of London},
  number={155},
  pages={725--791},
  year={1865},
  publisher={The Royal Society London}
}

@article{drummond2010dual,
  title={Dual superconformal symmetry of scattering amplitudes in N= 4 super-Yang--Mills theory},
  author={Drummond, JM and Henn, J and Korchemsky, GP and Sokatchev, E},
  journal={Nuclear Physics B},
  volume={828},
  number={1-2},
  pages={317--374},
  year={2010},
  publisher={Elsevier}
}

@article{korchemskaya1992light,
  title={On light-like Wilson loops},
  author={Korchemskaya, IA and Korchemsky, GP},
  journal={Physics Letters B},
  volume={287},
  number={1-3},
  pages={169--175},
  year={1992},
  publisher={Elsevier}
}

@article{drummond2008planar,
  title={On planar gluon amplitudes/Wilson loops duality},
  author={Drummond, JM and Henn, J and Korchemsky, GP and Sokatchev, E},
  journal={Nuclear physics B},
  volume={795},
  number={1-2},
  pages={52--68},
  year={2008},
  publisher={Elsevier}
}

@article{alday2008scattering,
  title={Scattering amplitudes, Wilson loops and the string/gauge theory correspondence},
  author={Alday, Luis F and Roiban, Radu},
  journal={Physics reports},
  volume={468},
  number={5},
  pages={153--211},
  year={2008},
  publisher={Elsevier}
}

@article{henn2009duality,
  title={Duality between Wilson loops and gluon amplitudes},
  author={Henn, JM},
  journal={Fortschritte der Physik},
  volume={57},
  number={8},
  pages={729--822},
  year={2009},
  publisher={Wiley Online Library}
}

@article{korchemsky2010superconformal,
  title={Superconformal invariants for scattering amplitudes in N= 4 SYM theory},
  author={Korchemsky, GP and Sokatchev, E},
  journal={Nuclear Physics B},
  volume={839},
  number={3},
  pages={377--419},
  year={2010},
  publisher={Elsevier}
}

@article{alday2007gluon,
  title={Gluon scattering amplitudes at strong coupling},
  author={Alday, Luis F and Maldacena, Juan},
  journal={Journal of High Energy Physics},
  volume={2007},
  number={06},
  pages={064},
  year={2007},
  publisher={IOP Publishing}
}

@article{brandhuber2008mhv,
  title={MHV amplitudes in N= 4 super-Yang--Mills and Wilson loops},
  author={Brandhuber, Andreas and Heslop, Paul and Travaglini, Gabriele},
  journal={Nuclear Physics B},
  volume={794},
  number={1-2},
  pages={231--243},
  year={2008},
  publisher={Elsevier}
}

@article{sharma2022ambidextrous,
  title={Ambidextrous light transforms for celestial amplitudes},
  author={Sharma, Atul},
  journal={Journal of High Energy Physics},
  volume={2022},
  number={1},
  pages={1--31},
  year={2022},
  publisher={Springer}
}

@article{federer1965some,
  title={Some theorems on integral currents},
  author={Federer, Herbert},
  journal={Transactions of the American Mathematical Society},
  volume={117},
  pages={43--67},
  year={1965},
  publisher={JSTOR}
}

@article{federer1959curvature,
  title={Curvature measures},
  author={Federer, Herbert},
  journal={Transactions of the American Mathematical Society},
  volume={93},
  number={3},
  pages={418--491},
  year={1959},
  publisher={JSTOR}
}

@book{federer2014geometric,
  title={Geometric measure theory},
  author={Federer, Herbert},
  year={2014},
  publisher={Springer}
}

@article{federer1960normal,
  title={Normal and integral currents},
  author={Federer, Herbert and Fleming, Wendell H},
  journal={Annals of Mathematics},
  volume={72},
  number={3},
  pages={458--520},
  year={1960},
  publisher={JSTOR}
}

@article{king1971currents,
  title={The currents defined by analytic varieties},
  author={King, James R},
  year={1971}
}

@article{demailly19962,
  title={L 2 vanishing theorems for positive line bundles and adjunction theory},
  author={Demailly, Jean-Pierre and Peternell, Thomas and Tian, Gang and Tyurin, Andrej N and Demailly, Jean-Pierre},
  journal={Transcendental Methods in Algebraic Geometry: Lectures given at the 3rd Session of the Centro Internazionale Matematico Estivo (CIME) Held in Cetraro, Italy, July 4--12, 1994},
  pages={1--97},
  year={1996},
  publisher={Springer}
}

@inproceedings{simon1984lectures,
  title={Lectures on geometric measure theory},
  author={Simon, Leon and others},
  year={1984},
  organization={Centre for Mathematical Analysis, Australian National University Canberra}
}

@article{bailey1998twistor,
  title={A twistor correspondence and Penrose transform for odd-dimensional hyperbolic space},
  author={Bailey, Toby and Dunne, Edward},
  journal={Proceedings of the American Mathematical Society},
  volume={126},
  number={4},
  pages={1245--1252},
  year={1998}
}

@article{leites2002einstein,
  title={On Einstein equations on manifolds and supermanifolds},
  author={Leites, Dimitry and Poletaeva, Elena and Serganova, Vera},
  journal={Journal of Nonlinear Mathematical Physics},
  volume={9},
  number={4},
  pages={394--425},
  year={2002},
  publisher={Springer}
}

@article{koning2025anti,
  title={The anti-de Sitter supergeometry revisited},
  author={Koning, Nowar E and Kuzenko, Sergei M and Raptakis, Emmanouil SN},
  journal={Journal of High Energy Physics},
  volume={2025},
  number={2},
  pages={1--31},
  year={2025},
  publisher={Springer}
}

@article{gindikin2014inversion,
  title={Inversion of the Penrose transform and the Cauchy--Fantappie formula},
  author={Gindikin, Simon},
  journal={Journal of Geometry and Physics},
  volume={78},
  pages={127--131},
  year={2014},
  publisher={Elsevier}
}

@article{gindikin2007second,
  title={Second Cauchy--Fantappie formula and Martineau duality},
  author={Gindikin, Simon},
  journal={Journal of Algebra},
  volume={313},
  number={1},
  pages={199--207},
  year={2007},
  publisher={Academic Press}
}

@article{gindikin1990cauchy,
  title={The Cauchy-Fantappie on projective space},
  author={Gindikin, S},
  journal={Amer. Math. Soc. Transl. Ser. 2},
  volume={146},
  pages={23--32},
  year={1990}
}

@article{fronsdal1974elementary,
  title={Elementary particles in a curved space. II},
  author={Fronsdal, C},
  journal={Physical Review D},
  volume={10},
  number={2},
  pages={589},
  year={1974},
  publisher={APS}
}

@article{d1996radon,
  title={Radon--Penrose transform for D-modules},
  author={D'Agnolo, Andrea and Schapira, Pierre},
  journal={journal of functional analysis},
  volume={139},
  number={2},
  pages={349--382},
  year={1996},
  publisher={Elsevier}
}

@article{david2003x,
  title={The X-ray transform for currents},
  author={David, Liana},
  journal={Differential Geometry and its Applications},
  volume={18},
  number={1},
  pages={113--117},
  year={2003},
  publisher={Elsevier}
}

@book{voronov1991geometric,
  title={Geometric integration theory on supermanifolds},
  author={Voronov, Theodore},
  volume={1},
  year={1991},
  publisher={CRC Press}
}

@article{witten2012notes,
  title={Notes on supermanifolds and integration},
  author={Witten, Edward},
  journal={arXiv preprint arXiv:1209.2199},
  year={2012}
}

@article{banerjee2020conformal,
  title={Conformal properties of soft operators: Use of null states},
  author={Banerjee, Shamik and Pandey, Pranjal and Paul, Partha},
  journal={Physical Review D},
  volume={101},
  number={10},
  pages={106014},
  year={2020},
  publisher={APS}
}

@article{banerjee2020conformal1,
  title={Conformal properties of soft-operators. Part II. Use of null-states},
  author={Banerjee, Shamik and Pandey, Pranjal},
  journal={Journal of High Energy Physics},
  volume={2020},
  number={2},
  pages={1--19},
  year={2020},
  publisher={Springer}
}

@article{banerjee2025worldsheet,
  title={Worldsheet CFT $ \_2 $ and Celestial CFT $ \_2 $: An AdS $ \_3 $-CFT $ \_2 $ perspective},
  author={Banerjee, Shamik and Gupta, Nishant and Misra, Sagnik},
  journal={arXiv preprint arXiv:2506.14891},
  year={2025}
}

@article{roiban2004tree,
  title={Tree-level S matrix of Yang-Mills theory},
  author={Roiban, Radu and Spradlin, Marcus and Volovich, Anastasia},
  journal={Physical Review D},
  volume={70},
  number={2},
  pages={026009},
  year={2004},
  publisher={APS}
}

@article{roiban2005dissolving,
  title={Dissolving N= 4 loop amplitudes into QCD tree amplitudes},
  author={Roiban, Radu and Spradlin, Marcus and Volovich, Anastasia},
  journal={Physical review letters},
  volume={94},
  number={10},
  pages={102002},
  year={2005},
  publisher={APS}
}

@article{witten1991mirror,
  title={Mirror manifolds and topological field theory},
  author={Witten, Edward},
  journal={arXiv preprint hep-th/9112056},
  year={1991}
}

@article{bullimore2011holomorphic,
  title={Holomorphic linking, loop equations and scattering amplitudes in twistor space},
  author={Bullimore, Mathew and Skinner, David},
  journal={arXiv preprint arXiv:1101.1329},
  year={2011}
}

@article{khesin2001polar,
  title={Polar homology and holomorphic bundles},
  author={Khesin, Boris and Rosly, Alexei},
  journal={Philosophical Transactions of the Royal Society of London. Series A: Mathematical, Physical and Engineering Sciences},
  volume={359},
  number={1784},
  pages={1413--1427},
  year={2001},
  publisher={The Royal Society}
}

@article{frenkel2007complex,
  title={Complex counterpart of Chern-Simons-Witten theory and holomorphic linking},
  author={Frenkel, Igor B and Todorov, Andrey N},
  year={2007}
}

@article{atiyah1981green,
  title={Green’s functions for self-dual four-manifolds},
  author={Atiyah, MF},
  journal={Mathematical analysis and applications},
  number={Part A},
  pages={129--158},
  year={1981}
}

@article{penrose1988topological,
  title={Topological QFT and twistors; holomorphic linking},
  author={Penrose, R},
  journal={Twistor Newsletter},
  volume={27},
  pages={1--4},
  year={1988},
  publisher={Mathematical Institute, Oxford University}
}

@article{rawnsley1979flat,
  title={Flat partial connections and holomorphic structures in 𝐶\^{}$\{$∞$\}$ vector bundles},
  author={Rawnsley, JH},
  journal={Proceedings of the American Mathematical Society},
  volume={73},
  number={3},
  pages={391--397},
  year={1979}
}

@incollection{bott2006lectures,
  title={Lectures on characteristic classes and foliations},
  author={Bott, Raoul},
  booktitle={Lectures on Algebraic and Differential Topology: Delivered at the II. ELAM},
  pages={1--94},
  year={2006},
  publisher={Springer}
}

@article{donaldson2006mathematical,
  title={Mathematical uses of gauge theory},
  author={Donaldson, Simon K},
  journal={A, A},
  volume={1},
  pages={2},
  year={2006}
}

@book{donaldson1997geometry,
  title={The geometry of four-manifolds},
  author={Donaldson, Simon Kirwan and Kronheimer, Peter B},
  year={1997},
  publisher={Oxford university press}
}

@book{kobayashi2014differential,
  title={Differential geometry of complex vector bundles},
  author={Kobayashi, Shoshichi},
  year={2014},
  publisher={Princeton University Press}
}

@book{chern1967complex,
  title={Complex manifolds without potential theory},
  author={Chern, Shiing-shen and Chern, Shiing-shen and Chern, Shiing-shen and Chern, Shiing-shen},
  volume={18},
  year={1967},
  publisher={Springer}
}

@book{moroianu2007lectures,
  title={Lectures on K{\"a}hler geometry},
  author={Moroianu, Andrei},
  volume={69},
  year={2007},
  publisher={Cambridge University Press}
}

@article{guichard2018introduction,
  title={An introduction to the differential geometry of flat bundles and of Higgs bundles},
  author={Guichard, Olivier},
  journal={The Geometry, Topology and Physics of Moduli Spaces of Higgs Bundles, Lect. Notes Ser. Inst. Math. Sci. Natl. Univ. Singap},
  volume={36},
  pages={1--63},
  year={2018},
  publisher={World Scientific}
}

@article{birkhoff1909singular,
  title={Singular points of ordinary linear differential equations},
  author={Birkhoff, George D},
  journal={Transactions of the American Mathematical Society},
  volume={10},
  number={4},
  pages={436--470},
  year={1909},
  publisher={JSTOR}
}

@article{grothendieck1957classification,
  title={Sur la classification des fibr{\'e}s holomorphes sur la sphere de Riemann},
  author={Grothendieck, Alexander},
  journal={American Journal of Mathematics},
  volume={79},
  number={1},
  pages={121--138},
  year={1957},
  publisher={JSTOR}
}

@book{okonek2013vector,
  title={Vector Bundles on Complex Projective Spaces},
  author={Okonek, C. and Spindler, H. and Schneider, M.},
  isbn={9781475714609},
  series={Progress in Mathematics},
  url={https://books.google.com.br/books?id=wH3SBwAAQBAJ},
  year={2013},
  publisher={Springer US}
}

@book{jost2013compact,
  title={Compact Riemann Surfaces: An Introduction to Contemporary Mathematics},
  author={Jost, J.},
  isbn={9783662047453},
  series={Universitext},
  url={https://books.google.com.br/books?id=NcvuCAAAQBAJ},
  year={2013},
  publisher={Springer Berlin Heidelberg}
}

@book{demailly1997complex,
  title={Complex analytic and differential geometry},
  author={Demailly, Jean-Pierre},
  year={1997},
  publisher={Universit{\'e} de Grenoble I Grenoble}
}

@book{kac1998vertex,
  title={Vertex algebras for beginners},
  author={Kac, Victor G},
  volume={10},
  year={1998},
  publisher={American Mathematical Soc.}
}

@book{fulton2013intersection,
  title={Intersection theory},
  author={Fulton, William},
  volume={2},
  year={2013},
  publisher={Springer Science \& Business Media}
}

@article{alday2009null,
  title={Null polygonal Wilson loops and minimal surfaces in Anti-de-Sitter space},
  author={Alday, Luis F and Maldacena, Juan},
  journal={Journal of High Energy Physics},
  volume={2009},
  number={11},
  pages={082},
  year={2009},
  publisher={IOP Publishing}
}

@inproceedings{atiyah1971riemann,
  title={Riemann surfaces and spin structures},
  author={Atiyah, Michael F},
  booktitle={Annales scientifiques de l'{\'E}cole Normale Sup{\'e}rieure},
  volume={4},
  number={1},
  pages={47--62},
  year={1971}
}

@article{giddings1988geometry,
  title={The geometry of super Riemann surfaces},
  author={Giddings, Steven B and Nelson, Philip},
  journal={Communications in mathematical physics},
  volume={116},
  number={4},
  pages={607--634},
  year={1988},
  publisher={Springer}
}

@book{zinn2021quantum,
  title={Quantum field theory and critical phenomena},
  author={Zinn-Justin, Jean},
  volume={171},
  year={2021},
  publisher={Oxford university press}
}

@article{verlinde1987chiral,
  title={Chiral bosonization, determinants and the string partition function},
  author={Verlinde, Erik and Verlinde, Herman},
  journal={Nuclear Physics B},
  volume={288},
  pages={357--396},
  year={1987},
  publisher={Elsevier}
}

@incollection{alvarez1987geometrical,
  title={The Geometrical Meaning of Currents in String Theory},
  author={Alvarez, Orlando and Windey, Paul},
  booktitle={Mathematical Aspects of String Theory},
  pages={76--94},
  year={1987},
  publisher={World Scientific}
}

@article{mason2005twistor,
  title={Twistor actions for non-self-dual fields; a new foundation for twistor-string theory},
  author={Mason, Lionel J},
  journal={Journal of High Energy Physics},
  volume={2005},
  number={10},
  pages={009},
  year={2005},
  publisher={IOP Publishing}
}

@article{mason2002tau,
  title={Tau-functions, twistor theory, and quantum field theory},
  author={Mason, LJ and Singer, MA and Woodhouse, NMJ},
  journal={Communications in mathematical physics},
  volume={230},
  number={3},
  pages={389--420},
  year={2002},
  publisher={Springer}
}

@article{goddard1985symmetric,
  title={Symmetric spaces, Sugawara's energy momentum tensor in two dimensions and free fermions},
  author={Goddard, P and Nahm, W and Olive, D},
  journal={Physics Letters B},
  volume={160},
  number={1-3},
  pages={111--116},
  year={1985},
  publisher={Elsevier}
}

@book{nair2006quantum,
  title={Quantum field theory: A modern perspective},
  author={Nair, V Parameswaran},
  year={2006},
  publisher={Springer Science \& Business Media}
}

@article{hollands2023operator,
  title={The operator product expansion in quantum field theory},
  author={Hollands, Stefan and Wald, Robert M},
  journal={arXiv preprint arXiv:2312.01096},
  year={2023}
}

@book{deligne1999quantum,
  title={Quantum Fields and Strings: A Course for Mathematicians: Volume 2},
  author={Deligne, Pierre and Etingof, Pavel and Freed, Daniel S and Jeffrey, Lisa C and Kazhdan, David and Morgan, John W and Morrison, David R and Witten, Edward},
  volume={2},
  year={1999},
  publisher={American Mathematical Society}
}

@book{hamilton2017mathematical,
  title={Mathematical gauge theory},
  author={Hamilton, Mark JD},
  year={2017},
  publisher={Springer}
}

@book{sharpe2000differential,
  title={Differential Geometry: Cartan's Generalization of Klein's Erlangen Program},
  author={Sharpe, R.W. and Chern, S.S.},
  isbn={9780387947327},
  lccn={lc96013757},
  series={Graduate Texts in Mathematics},
  url={https://books.google.com.br/books?id=Ytqs4xU5QKAC},
  year={2000},
  publisher={Springer New York}
}

@book{baum2014eichfeldtheorie,
  title={Eichfeldtheorie: Eine Einf{\"u}hrung in die Differentialgeometrie auf Faserb{\"u}ndeln},
  author={Baum, H.},
  isbn={9783642385391},
  series={Masterclass},
  url={https://books.google.com.br/books?id=aNkoBAAAQBAJ},
  year={2014},
  publisher={Springer Berlin Heidelberg}
}

@article{rohrl1961holomorphic,
  title={On holomorphic families of fiber bundles over the Riemannian sphere},
  author={R{\"o}hrl, Helmut},
  journal={Memoirs of the College of Science, University of Kyoto. Series A: Mathematics},
  volume={33},
  number={3},
  pages={435--477},
  year={1961},
  publisher={Duke University Press}
}

@article{fotopoulos2019primary,
  title={Primary fields in celestial CFT},
  author={Fotopoulos, Angelos and Taylor, Tomasz R},
  journal={Journal of High Energy Physics},
  volume={2019},
  number={10},
  pages={1--10},
  year={2019},
  publisher={Springer}
}

@article{ogievetsky1987principal,
  title={The principal chiral field in two dimensions on classical lie algebras: the Bethe-ansatz solution and factorized theory of scattering},
  author={Ogievetsky, E and Reshetikhin, N and Wiegmann, P},
  journal={Nuclear Physics B},
  volume={280},
  pages={45--96},
  year={1987},
  publisher={Elsevier}
}

@article{schubring2020sigma,
  title={Sigma models on fiber bundles with a Grassmannian base space},
  author={Schubring, Daniel and Shifman, Mikhail},
  journal={Physical Review D},
  volume={101},
  number={4},
  pages={045003},
  year={2020},
  publisher={APS}
}

@inproceedings{dolgachev2006weighted,
  title={Weighted projective varieties},
  author={Dolgachev, Igor},
  booktitle={Group Actions and Vector Fields: Proceedings of a Polish-North American Seminar Held at the University of British Columbia January 15--February 15, 1981},
  pages={34--71},
  year={2006},
  organization={Springer}
}

@book{rivers1988path,
  title={Path integral methods in quantum field theory},
  author={Rivers, Ray J},
  year={1988},
  publisher={Cambridge University Press}
}

@book{schulman2012techniques,
  title={Techniques and applications of path integration},
  author={Schulman, Lawrence S},
  year={2012},
  publisher={Courier Corporation}
}

@article{feynman1965path,
  title={The path integral formulation of quantum mechanics},
  author={Feynman, R and Hibbs, AR},
  journal={McGraw-Hiill, New York},
  year={1965}
}

@article{witten19822,
  title={An SU (2) anomaly},
  author={Witten, Edward},
  journal={Physics Letters B},
  volume={117},
  number={5},
  pages={324--328},
  year={1982},
  publisher={Elsevier}
}

@article{witten1988topological,
  title={Topological sigma models},
  author={Witten, Edward},
  journal={Communications in Mathematical Physics},
  volume={118},
  number={3},
  pages={411--449},
  year={1988},
  publisher={Springer}
}
